@INPROCEEDINGS{ladwig:11,
    author = {Günter {Ladwig} and Andreas {Harth}},
    title = {CumulusRDF: Linked Data Management on Key-Value Stores},
    year = {2011}
}
@INPROCEEDINGS{Harth07yars2:a,
    author = {Andreas Harth and Jürgen Umbrich and Aidan Hogan and Stefan Decker},
    title = {Yars2: A federated repository for querying graph structured data from the web},
    booktitle = {of Lecture Notes in Computer Science},
    year = {2007},
    pages = {211--224},
    publisher = {Springer}
}
@INPROCEEDINGS{Chang06bigtable:a,
    author = {Fay Chang and Jeffrey Dean and Sanjay Ghemawat and Wilson C. Hsieh and Deborah A. Wallach and Mike Burrows and Tushar Chandra and Andrew Fikes and Robert E. Gruber},
    title = {Bigtable: A distributed storage system for structured data},
    booktitle = {IN PROCEEDINGS OF THE 7TH CONFERENCE ON USENIX SYMPOSIUM ON OPERATING SYSTEMS DESIGN AND IMPLEMENTATION - VOLUME 7},
    year = {2006},
    pages = {205--218},
    publisher = {}
}
@INPROCEEDINGS{Hastorun07dynamo:amazon’s,
    author = {Deniz Hastorun and Madan Jampani and Gunavardhan Kakulapati and Alex Pilchin and Swaminathan Sivasubramanian and Peter Vosshall and Werner Vogels},
    title = {Dynamo: amazon’s highly available key-value store},
    booktitle = {In Proc. SOSP},
    year = {2007},
    pages = {205--220}
}
@inproceedings{Khare:06,
    author = {Khare, Rohit and \c{C}elik, Tantek},
    title = {Microformats: a pragmatic path to the semantic web},
    booktitle = {Proceedings of the 15th international conference on World Wide Web},
    series = {WWW '06},
    year = {2006},
    isbn = {1-59593-323-9},
    location = {Edinburgh, Scotland},
    pages = {865--866},
    numpages = {2},
    url = {http://doi.acm.org/10.1145/1135777.1135917},
    doi = {10.1145/1135777.1135917},
    acmid = {1135917},
    publisher = {ACM},
    address = {New York, NY, USA},
    keywords = {CSS, HTML, decentralization, microformats, semantic web},
} 
@INPROCEEDINGS{Parsia04pellet:an,
    author = {Bijan Parsia and Evren Sirin},
    title = {Pellet: An owl dl reasoner},
    booktitle = {In Proceedings of the International Workshop on Description Logics},
    year = {2004},
    pages = {2003}
}
@INPROCEEDINGS{Hor:09,
    author = {Matthew Horridge and Sean Bechhofer},
    title = {The OWL API: A Java API for Working with OWL 2 Ontologies},
    booktitle = {OWLED 2009, 6th OWL Experienced and Directions Workshop},
    location = {Chantilly, Virginia},
    year = {2009}
